
@book{
	Wazlawick2013,
	author = {Wazlawick, Raul Sidnei},
	title = {Engenharia de Software: Conceitos e Pr√°ticas},
	address = {Rio de Janeiro, RJ},
	publisher = {Elsevier},
	year = {2013},
	isbn = {9788535261202},
}

@book{
	Crockford2008,
	author = {Crockford, Douglas},
	title = {JavaScript: The Good Parts},
	year = {2008},
	isbn = {0596517742},
	publisher = {O'Reilly Media, Inc.},
}

@book{
	ISOIEC9126,
	title = {ISO/IEC 9126. Software engineering -- Product quality},
	publisher = {ISO/IEC},
	year = {2001},
	author = {ISO/IEC},
}

@misc{
	JBstatisticsPoissonIntroduction,
  author = {Jeremy Balka},
  title = {{An Introduction to the Poisson Distribution}},
  howpublished = "\url{http://www.jbstatistics.com/introduction-to-the-poisson-distribution/}",
  year = {2013},
  note = "Acessado em 25/06/2016"
}

@misc{
	JBstatisticsPoissonOrNot,
  author = {Jeremy Balka},
  title = {{Poisson or Not? (When does a random variable have a Poisson distribution?)}},
  howpublished = "\url{http://www.jbstatistics.com/1-17-poisson-or-not-when-does-a-random-variable-have-a-poisson-distribution/}",
  year = {2013},
  note = "Acessado em 25/06/2016"
}
